@misc{CRIME,
    author  = "John Kelsey",
    title   = "{C}ompression and {I}nformation {L}eakage of {P}laintext
    year    = "1993",
    journal = "Certicom",
},
@misc{BEAST,
author = "Juliano Rizzo and Thai Duong",
title = "Browser Exploit Against SSL/TLS"
}
